@article{Stokes:1885,
	jstor_articletype = {research-article},
     title = {On a Remarkable Phenomenon of Crystalline Reflection},
     author = {Stokes, G. G.},
     journal = {Proceedings of the Royal Society of London},
     jstor_issuetitle = {},
     volume = {38},
     number = {},
     jstor_formatteddate = {1884 - 1885},
     pages = {pp. 174-185},
     url = {http://www.jstor.org/stable/114236},
     ISSN = {03701662},
     abstract = {},
     language = {English},
     year = {1884},
     publisher = {The Royal Society},
     copyright = {Copyright © 1884 The Royal Society},
    }
    
@article{John:1987,
  month = {Jun},
  title = {Strong localization of photons in certain disordered dielectric superlattices},
  publisher = {American Physical Society},
  author = {John, Sajeev},
  year = {1987},
  url = {http://link.aps.org/doi/10.1103/PhysRevLett.58.2486},
  pages = {2486--2489},
  volume = {58},
  journal = {Phys. Rev. Lett.},
  doi = {10.1103/PhysRevLett.58.2486},
  issue = {23}
}

@article{Forster:2011,
author = {Forster, Jason D. and Park, Jin-Gyu and Mittal, Manish and Noh, Heeso and Schreck, Carl F. and O'Hern, Corey S. and Cao, Hui and Furst, Eric M. and Dufresne, Eric R.},
title = {Assembly of Optical-Scale Dumbbells into Dense Photonic Crystals},
journal = {ACS Nano},
volume = {5},
number = {8},
pages = {6695-6700},
year = {2011},
doi = {10.1021/nn202227f},
URL = {http://pubs.acs.org/doi/abs/10.1021/nn202227f},
eprint = {http://pubs.acs.org/doi/pdf/10.1021/nn202227f}
}

@book{Pecharsky:2003,
author = {Pecharsky, Vitalij and Zavalij, Peter}, 
title = {Fundamentals of Powder Diffraction and Structural Characterization of Materials},
pages = {340--345},
year = {2003},
publisher = {Kluwer Academic Publishers}
}

@phdthesis{Noh:2009,
author = {Noh, Heeso}, 
title = {Optical Properties of Nanostructures: from Random to Periodic},
school = {Northwestern University},
year = {2009}
}

@phdthesis{Saranathan:2011,
	author = {Saranathan, Vinodkumar},
	title = {Evolutionary photonics: structure, function, development and evolution of organismal structural color},
	school = {Yale University},
	year = {2011}
	}
	
@ARTICLE{Saranathan:inprep,
	author = {Saranathan, Vinodkumar and Forster, Jason D. and Noh, Heeso and Liew, Seng Fatt and Mochrie, Simon G. J. and Cao, Hui and Dufresne, Eric R. and Prum, Richard O.},
	title = {Structure and Optical Function of Self-Assembled Amorphous Photonic Nanostructures in Avian Feather Barbs},
	year = {In Preparation}
	}
	
@article{Noh:2010,
	month = {May},
  title = {Contribution of double scattering to structural coloration in quasiordered nanostructures of bird feathers},
  publisher = {American Physical Society},
  author = {Noh, Heeso and Liew, Seng Fatt and Saranathan, Vinodkumar and Prum, Richard O. and Mochrie, Simon G. J. and Dufresne, Eric R. and Cao, Hui},
  year = {2010},
  url = {http://link.aps.org/doi/10.1103/PhysRevE.81.051923},
  pages = {051923},
  volume = {81},
  journal = {Physical Review E},
  numpages = {8},
  doi = {10.1103/PhysRevE.81.051923},
  issue = {5}
}

@Article{Noh:2009AM,
author = {Noh, Heeso and Liew, Seng Fatt and Saranathan, Vinodkumar and Mochrie, Simon G. J. and Prum, Richard O. and Dufresne, Eric R. and Cao, Hui},
journal = {Advanced Materials},
title = {How Noniridescent Colors Are Generated by Quasi-ordered Structures of Bird Feathers},
number = {26-27}, 
pages = {2871--2880},
volume = {22},
year = {2010},
doi = {10.1002/adma.200903699}
}

@Article{Takeoka:2009p10174,
author = {Takeoka, Yukikazu and Honda, Masaki and Seki, Takahiro and Ishii, Masahiko and Nakamura, Hiroshi}, 
journal = {ACS Applied Materials \& Interfaces},
title = {Structural Colored Liquid Membrane without Angle Dependence},
number = {5},
pages = {982--986},
volume = {1},
year = {2009}
}

@article{Kinoshita:2008p10935,
author = {Kinoshita, S. and Yoshioka, S. and Miyazaki, J.}, 
journal = {Reports on Progress in Physics},
title = {Physics of structural colors},
volume = {71},
number = {7},
pages = {076401 (30pp)},
year = {2008}
}

@article{Prum:2009p3119,
author = {Prum, Richard O. and Dufresne, Eric R. and Quinn, Tim and Waters, Karla}, 
journal = {Journal of The Royal Society Interface},
title = {Development of colour-producing beta-keratin nanostructures in avian feather barbs},
volume = {6},
pages = {S253--S265},
year = {2009}
}

@article{Vukusic:2003p1380,
author = {Vukusic, Peter and Sambles, J. Roy}, 
journal = {Nature},
title = {Photonic structures in biology},
volume = {424},
year = {2003}
}

@article{Muller:2000p5865,
author = {Muller, M. and Zentel, R. and Maka, T. and Romanov, S. G. and Sotomayor Torres, C. M.}, 
journal = {Advanced Materials},
title = {Photonic Crystal Films with High Refractive Index Contrast},
volume = {12},
number = {20},
year = {2000}
}

@book{Joannopoulos:2008p11516,
author = {Joannopoulos, John D. and Johnson, Steven G. and Winn, Joshua N. and Meade, Robert D.}, 
title = {Photonic Crystals: Molding the Flow of Light},
pages = {},
year = {2008},
publisher = {Princeton University Press}
}

@article{Parker:2004p11036,
author = {Parker, Andrew R.}, 
journal = {Philosophical Transactions of the Royal Society A: Mathematical, Physical and Engineering Sciences},
title = {A vision for natural photonics},
number = {1825},
pages = {2709--2720},
volume = {362},
year = {2004}
}

@book{MSoukoulis:2001p11651,
author = {Soukoulis, C. M.}, 
title = {Photonic Crystals and Light Localization in the 21st Century},
pages = {},
year = {2001},
publisher = {Springer}
}

@Article{Dufresne:2009p6342,
author = {Dufresne, Eric R. and Noh, Heeso and Saranathan, Vinodkumar and Mochrie, Simon G. J.  and Cao, Hui and Prum, Richard O.}, 
journal = {Soft Matter},
title = {Self-assembly of amorphous biophotonic nanostructures by phase separation},
number = {9},
pages = {1792--1795},
volume = {5},
year = {2009}
}

@article{Jiang:2004p8684,
author = {Jiang, Peng and McFarland, Michael J.}, 
journal = {Journal of the American Chemical Society},
title = {Large-Scale Fabrication of Wafer-Size Colloidal Crystals, Macroporous Polymers and Nanocomposites by Spin-Coating},
volume = {126}, 
pages = {13778--13786},
year = {2004}
}

@article{Garcia:2007p8826,
author = {Garcia, Pedro D. and Sapienza, Riccardo and Blanco, Alvaro and Lopez, Cefe}, 
journal = {Advanced Materials},
title = {Photonic Glass: A Novel Random Material for Light},
volume = {19},
pages = {2597--2602},
year = {2007}
}

@article{Parker:2007p11434,
author = {Parker, Andrew R. and Townley, Helen E.}, 
journal = {Nature Nanotechnology},
title = {Biomimetics of photonic nanostructures},
volume = {2},
year = {2007},
pages = {347--353}
}

@article{Welch:2007p1313,
author = {Welch, V. L. and Vigneron, J. -P. }, 
journal = {Optical and Quantum Electronics},
title = {Beyond butterflies---the diversity of biological photonic crystals},
volume = {39}, 
pages = {295--303},
year = {2007}
}

@Article{CHONDE:1981p1047,
author = {Chonde, Y. and Krieger, I. M.}, 
journal = {Journal of Applied Polymer Science},
title = {Emulsion Polymerization of Styrene with Ionic Comonomer in the Presence of Methanol},
number = {6},
pages = {1819--1827},
volume = {26},
year = {1981}
}

@book{Noda:2003p11561,
author = {Noda, Susumu and Baba, Toshihiko}, 
title = {Roadmap on Photonic Crystals},
year = {2003},
publisher = {Kluwer Academic Publishers},
pages = {255}
}

@article{Srinivasarao:1999p9327,
author = {Srinivasarao, Mohan}, 
journal = {Chemical reviews},
title = {Nano-optics in the biological world: beetles, butterflies, birds, and moths},
volume = {99},
number = {7},
pages = {1935--1961},
year = {1999}
}

@article{Prum:1998p1228,
author = {Prum, Richard O. and Torres, Rodolfo H. and Williamson, Scott and Dyck, Jan}, 
journal = {Nature},
title = {Coherent light scattering by blue feather barbs},
year = {1998},
volume = {396}, 
pages = {28--29}
}

@article{Hallam:2009p11443,
author = {Hallam, Benny T. and Hiorns, Anthony G. and Vukusic, Peter}, 
journal = {Applied Optics},
title = {Developing optical efficiency through optimized coating structure: biomimetic inspiration from white beetles},
year = {2009},
volume = {48},
number = {17},
pages = {3243--3249}
}

@article{Yablonovitch:1987p1809,
author = {Yablonovitch, Eli}, 
journal = {Physical Review Letters},
title = {Inhibited Spontaneous Emission in Solid-State Physics and Electronics},
volume = {58},
number = {20},
pages = {2059--2062},
year = {1987}
}

@article{Subramania:1999p5655,
author = {Subramania, G. and Constant, K. and Biswas, R. and Sigalas, M. M. and Ho, K. -M.}, 
journal = {Applied Physics Letters},
title = {Optical photonic crystals fabricated from colloidal systems},
volume = {74}, 
number = {26},
pages = {3933--3935},
year = {1999}
}

@article{Sear:1998p4095,
author = {Sear, R. P.}, 
journal = {Europhysics Letters},
title = {Phase separation and crystallisation of polydisperse hard spheres},
volume = {44},
number = {4},
pages = {531--535},
year = {1998}
}

@article{Ashcroft:1967p685,
author = {Ashcroft, N. W. and Langreth, David C.}, 
journal = {Physical Review},
title = {Structure of Binary Liquid Mixtures. I},
volume = {156},
number = {3},
pages = {685--692},
year = {1967}
}

@article{Enderby:1966p961,
author = {Enderby, J. E. and North, D. M. and Egelstaff, P. A.}, 
journal = {Philosophical Magazine},
title = {The partial structure factors of liquid Cu-Sn},
volume = {14},
number = {131},
pages = {961--970},
year = {1966}
}

@Article{Gao:2006p061304,
  title = {Frequency distribution of mechanically stable disk packings},
  author = {Gao, Guo-Jie  and B\l{}awzdziewicz, Jerzy  and O'Hern, Corey S.},
  journal = {Physical Review E},
  volume = {74},
  number = {6},
  pages = {061304},
  numpages = {20},
  year = {2006},
  month = {Dec},
  doi = {10.1103/PhysRevE.74.061304},
  publisher = {American Physical Society}
}

@ARTICLE{Glotzer2007,
	author = {Glotzer, Sharon C. and Solomon, Michael J.},
	title = {Anisotropy of building blocks and their assembly into complex structures},
	journal = {Nature Materials},
	year = {2007},
	volume = {6},
	pages = {380--382},
	number = {},
	doi = {10.1038/nmat1949},
	}

@ARTICLE{Duguet2011,
	author = {Duguet, Etienne and Desert, Anthony and Perro, Adeline and Ravaine, Serge},
	title = {Design and elaboration of colloidal molecules: an overview},
	journal = {Chemical Society Reviews},
	year = {2011},
	volume = {40},
	pages = {941--960},
	number = {},
	doi = {10.1039/c0cs00048e},
	}
	
@ARTICLE{Park2010,
	author = {Park, Jin-Gyu and Forster, Jason D. and Dufresne, Eric R.},
	title = {High-yield synthesis of monodisperse dumbbell-shaped polymer nanoparticles},
	journal = {Journal of the American Chemical Society},
	year = {2010},
	volume = {132},
	pages = {5960--5961},
	number = {},
	doi = {10.1021/ja101760q},
	}

@ARTICLE{Kuijk2011,
	author = {Kuijk, Anke and van Blaaderen, Alfons and Imhof, Arnout},
	title = {Synthesis of monodisperse, rodlike silica colloids with tunable aspect ratio},
	journal = {Journal of the American Chemical Society},
	year = {2011},
	volume = {133},
	pages = {2346--2349},
	number = {},
	doi = {10.1021/ja109524h},
	}

@ARTICLE{Jiang2008,
	author = {Jiang, Shan and Schultz, Mitchell J. and Chen, Qian and Moore, Jeffrey S. and Granick, Steve},
	title = {Solvent-free synthesis of {J}anus colloidal particles},
	journal = {Langmuir},
	year = {2008},
	volume = {24},
	pages = {10073--10077},
	number = {},
	doi = {10.1021/la800895g},
	} 
   
@ARTICLE{Perro2005,
	author = {Perro, Adeline and Reculusa, Stephane and Ravaine, Serge and Bourgeat-Lami, Elodie and Duguet,  Etienne},
	title = {Design and synthesis of {J}anus micro- and nanoparticles},
	journal = {Journal of Materials Chemistry},
	year = {2005},
	volume = {15},
	pages = {3745--3760},
	number = {},
	doi = {10.1039/b505099e},
	}

@ARTICLE{Lu2001,
	author = {Lu, Yu and Yin, Yadong and Xia, Younan},
	title = {Three-dimensional photonic crystals with non-spherical colloids and building blocks},
	journal = {Advanced Materials},
	year = {2001},
	volume = {13},
	pages = {415--420},
	number = {6},
	doi = {10.1002/1521-4095(200103)13:6<415::AID-ADMA415>3.0.CO;2-O},
	}

@ARTICLE{Lu2002,
	author = {Lu, Yu and Yin, Yadong and Li, Zhi-Yuan and Xia, Younan},
	title = {Colloidal crystals made of polystyrene spheroids: {F}abrication and structural/optical characterization},
	journal = {Langmuir},
	year = {2002},
	volume = {18},
	pages = {7722--7727},
	number = {},
	doi = {10.1021/la025946w},
	}
	 
@ARTICLE{Hosein2010,
	author = {Hosein, Ian D. and Lee, Stephanie H. and Liddell, Chekesha M.},
	title = {Dimer-based three-dimensional photonic crystals},
	journal = {Advanced Functional Materials},
	year = {2010},
	volume = {20},
	pages = {3085--3091},
	number = {},
	doi = {10.1002/adfm.201000134},
	}
   
@ARTICLE{Sheu1990,
	author = {Sheu, H. R. and El-Aasser, M. S. and Vanderhoff, J. W.},
	title = {Phase separation in polystyrene latex interpenetrating polymer networks},
	journal = {Journal of Polymer Science Part A: Polymer Chemistry},
	year = {1990},
	volume = {28},
	pages = {629--651},
	number = {3},
	doi = {10.1002/pola.1990.080280314},
	}
	
@ARTICLE{Vega1992,
	author = {Vega, C. and Paras, E. P. A. and Monson, P. A.},
	title = {Solid-fluid equilibria for hard dumbbells via {M}onte {C}arlo simulation},
	journal = {Journal of Chemical Physics},
	year = {1992},
	volume = {96},
	pages = {9060--9072},
	number = {12},
	doi = {10.1063/1.462214},
	}   

@ARTICLE{Demirors2010,
	author = {Demirors, Ahmet F. and Johnson, Patrick M. and van Kats, Carlos M. and van Blaaderen, Alfons and Imhof, Arnout},
	title = {Directed self-assembly of colloidal dumbbells with an electric field},
	journal = {Langmuir},
	year = {2010},
	volume = {26},
	pages = {14466--14471},
	number = {18},
	doi = {10.1021/la102134w},
	}
	
@ARTICLE{Mittal2009,
	author = {Mittal, Manish and Furst, Eric M.},
	title = {Electric field-directed convective assembly of ellipsoidal colloidal particles to create optically and mechanically anisotropic thin films},
	journal = {Advanced Functional Materials},
	year = {2009},
	volume = {19},
	pages = {3271--3278},
	number = {},
	doi = {10.1002/adfm.200900908},
	}

@ARTICLE{Grzelczak2010,
	author = {Grzelczak, Mark and Vermant, Jan and Furst, Eric M. and Liz-Marzan, Luis M.},
	title = {Directed self-assembly of nanoparticles},
	journal = {{ACS} Nano},
	year = {2010},
	volume = {4},
	pages = {3591--3605},
	number = {7},
	doi = {10.1021/nn100869j},
	}

@ARTICLE{Fraden1989,
	author = {Fraden, Seth and Hurd, Alan J. and Meyer, Robert B.},
	title = {Electric-field-induced association of colloidal particles},
	journal = {Physical Review Letters},
	year = {1989},
	volume = {63},
	pages = {2373--2376},
	number = {21},
	doi = {10.1103/PhysRevLett.63.2373},
	}

@ARTICLE{Yethiraj2003,
	author = {Yethiraj, Anand and van Blaaderen, Alfons},
	title = {A colloidal model system with an interaction tunable from hard sphere to soft and dipolar},
	journal = {Nature},
	year = {2003},
	volume = {421},
	pages = {513--517},
	number = {},
	doi = {10.1038/nature01328},
	}

@ARTICLE{Gong2003,
	author = {Gong, Tieying and Wu, David T. and Marr, David W. M.},
	title = {Electric-field reversible three-dimensional colloidal crystals},
	journal = {Langmuir},
	year = {2003},
	volume = {19},
	pages = {5967--5970},
	number = {},
	doi = {10.1021/la0340697},
	}

@ARTICLE{Mittal2008,
	author = {Mittal, Manish and Lele, Pushkar P. and Kaler, Eric W. and Furst, Eric M.},
	title = {Polarization and interactions of colloidal particles in ac electric fields},
	journal = {Journal of Chemical Physics},
	year = {2008},
	volume = {129},
	pages = {064513},
	number = {},
	doi = {10.1063/1.2969103},
	}

@ARTICLE{Lumsdon2003,
	author = {Lumsdon, Simon O. and Kaler, Eric W. and Williams, Jacob P. and Velev, Orlin D.},
	title = {Dielectrophoretic assembly of oriented and switchable two-dimensional photonic crystals},
	journal = {Applied Physics Letters},
	year = {2003},
	volume = {82},
	pages = {949--951},
	number = {6},
	doi = {10.1063/1.1541114},
	}

@ARTICLE{Ding2009,
	author = {Ding, Tao and Song, Kai and Clays, Koen and Tung, Chen-Ho},
	title = {Fabrication of 3{D} photonic crystals of ellipsoids: {C}onvective self-assembly in magnetic field},
	journal = {Advanced Materials},
	year = {2009},
	volume = {21},
	pages = {1936--1940},
	number = {},
	doi = {10.1002/adma.200803564},
	}     

@ARTICLE{Donev2004,
	author = {Donev, Aleksandar and Stillinger, Frank H. and Chaikin, P. M. and Torquato, Salvatore},
	title = {Unusually dense crystal packings of ellipsoids},
	journal = {Physical Review Letters},
	year = {2004},
	volume = {92},
	pages = {255506},
	number = {25},
	doi = {10.1103/PhysRevLett.92.255506},
	}  

@ARTICLE{Gao2006,
	author = {Gao, Guo-Jie and Blawzdziewicz, Jerzy and O'Hern, Corey S.},
	title = {Frequency distribution of mechanically stable disk packings},
	journal = {Physical Review E},
	year = {2006},
	volume = {74},
	pages = {061304},
	number = {6},
	doi = {10.1103/PhysRevE.74.061304},
	} 

@ARTICLE{Vega1992b,
	author = {Vega, C. and Paras, E. P. A. and Monson, P. A.},
	title = {On the stability of the plastic crystal phase of hard dumbbell solids},
	journal = {Journal of Chemical Physics},
	year = {1992},
	volume = {97},
	pages = {8543--8548},
	number = {},
	doi = {10.1063/1.463372},
	} 

@ARTICLE{Donev2004b,
	author = {Donev, Aleksandar and Cisse, Ibrahim and Sachs, David and Variano, Evan A. and Stillinger, Frank H. and Connelly, Robert and Torquato, Salvatore and Chaikin, P. M.},
	title = {Improving the density of jammed disordered packings using ellipsoids},
	journal = {Science},
	year = {2004},
	volume = {303},
	pages = {990--993},
	number = {},
	doi = {10.1126/science.1093010},
	} 
    
@ARTICLE{Monovoukas1990,
	author = {Monovoukas, Yiannis and Fuller, Gerald G. and Gast, Alice P.},
	title = {Optical anisotropy in colloidal crystals},
	journal = {Journal of Chemical Physics},
	year = {1990},
	volume = {93},
	pages = {8294--8299},
	number = {},
	doi = {10.1063/1.459311},
	} 
	
@ARTICLE{Sanders1968,
	author = {Sanders, J. V.},
	title = {Diffraction of Light by Opals},
	journal = {Acta Crystallographica Section A},
	year = {1968},
	volume = {24},
	pages = {427--434},
	number = {4},
	doi = {10.1107/S0567739468000860},
	}
	
@article{Liew:2011,
author = {Liew, Seng Fatt and Forster, Jason D. and Noh, Heeso and Schreck, Carl F. and Saranathan, Vinodkumar and Lu, X. and Yang, Lin and Prum, Richard O. and O'Hern, Corey S. and Dufresne, Eric R. and Cao, Hui},
title = {Short-range order and near-field effects on optical scattering and structural coloration},
journal = {Optics Express},
year = {2011},
volume = {19},
number = {9},
}

@article{Schroden:2002,
author = {Schroden, Rick C. and Al-Daous, Mohammed and Blanford, Christopher F. and Stein, Andreas},
title = {Optical Properties of Inverse Opal Photonic Crystals},
journal = {Chemistry of Materials},
volume = {14},
number = {8},
pages = {3305-3315},
year = {2002},
doi = {10.1021/cm020100z},
URL = {http://pubs.acs.org/doi/abs/10.1021/cm020100z},
eprint = {http://pubs.acs.org/doi/pdf/10.1021/cm020100z}
}

@article{Hatton:2010,
author = {Hatton, Benjamin and Mishchenko, Lidiya and Davis, Stan and Sandhage, Kenneth H. and Aizenberg, Joanna}, 
title = {Assembly of large-area, highly ordered, crack-free inverse opal films}, 
year = {2010}, 
doi = {10.1073/pnas.1000954107}, 
URL = {http://www.pnas.org/content/early/2010/05/14/1000954107.abstract}, 
eprint = {http://www.pnas.org/content/early/2010/05/14/1000954107.full.pdf+html}, 
journal = {Proceedings of the National Academy of Sciences} 
}

@article{Sainis:2008,
author = {Sainis, Sunil K. and Germain, Vincent and Mejean, Cecile O. and Dufresne, Eric R.},
title = {Electrostatic Interactions of Colloidal Particles in Nonpolar Solvents: Role of Surface Chemistry and Charge Control Agentsâ },
journal = {Langmuir},
volume = {24},
number = {4},
pages = {1160-1164},
year = {2008},
doi = {10.1021/la702432u},
note ={PMID: 18062711},
URL = {http://pubs.acs.org/doi/abs/10.1021/la702432u},
eprint = {http://pubs.acs.org/doi/pdf/10.1021/la702432u}
}

@article{Sainis:2008:2,
author = {Sainis, Sunil K. and Merrill, Jason W. and Dufresne, Eric R.},
title = {Electrostatic Interactions of Colloidal Particles at Vanishing Ionic Strength},
journal = {Langmuir},
volume = {24},
number = {23},
pages = {13334-13337},
year = {2008},
doi = {10.1021/la8024606},
URL = {http://pubs.acs.org/doi/abs/10.1021/la8024606},
eprint = {http://pubs.acs.org/doi/pdf/10.1021/la8024606}
}

@article{Merrill:2009,
  month = {Sep},
  title = {Many-Body Electrostatic Forces between Colloidal Particles at Vanishing Ionic Strength},
  publisher = {American Physical Society},
  author = {Merrill, Jason W. and Sainis, Sunil K. and Dufresne, Eric R.},
  year = {2009},
  url = {http://link.aps.org/doi/10.1103/PhysRevLett.103.138301},
  pages = {138301},
  volume = {103},
  journal = {Physical Review Letters},
  numpages = {4},
  doi = {10.1103/PhysRevLett.103.138301},
  issue = {13}
}

@article{DerVoort:1996,
author = {Der Voort, P.   Van and Vansant, E. F.},
title = {Silylation of the Silica Surface A Review},
journal = {Journal of Liquid Chromatography \& Related Technologies},
volume = {19},
number = {17-18},
pages = {2723-2752},
year = {1996},
doi = {10.1080/10826079608015107},
URL = {http://www.tandfonline.com/doi/abs/10.1080/10826079608015107},
eprint = {http://www.tandfonline.com/doi/pdf/10.1080/10826079608015107}
}

@book{Born:1999,
author = {Born, Max and Wolf, Emil}, 
title = {Principles of Optics},
pages = {779},
year = {1999},
edition = {Seventh (expanded)},
publisher = {Cambridge University Press}
}

@ARTICLE{Binks:2002,
author={Binks, B.P.},
title={Particles as surfactants - Similarities and differences},
journal={Current Opinion in Colloid and Interface Science},
year={2002},
volume={7},
number={1-2},
pages={21-41},
note={cited By (since 1996) 608},
url={http://www.scopus.com/inward/record.url?eid=2-s2.0-0036267602&partnerID=40&md5=ea045228872abb051f25335c1107cd51},
document_type={Review},
source={Scopus},
}

@ARTICLE{Pickering:1907,
author={Pickering, S.U.},
title={CXCVI. - Emulsions},
journal={Journal of the Chemical Society, Transactions},
year={1907},
volume={91},
pages={2001-2021},
url={http://www.scopus.com/inward/record.url?eid=2-s2.0-0011375383&partnerID=40&md5=ee2a54787d2bbed5c6cda4a1cc509907},
document_type={Review},
source={Scopus},
}

@article{Ramsden:1903,
author = {Ramsden, W.}, 
title = {Separation of Solids in the Surface-Layers of Solutions and 'Suspensions' (Observations on Surface-Membranes, Bubbles, Emulsions, and Mechanical Coagulation). -- Preliminary Account}, 
volume = {72}, 
number = {477-486}, 
pages = {156-164}, 
year = {1903}, 
doi = {10.1098/rspl.1903.0034}, 
URL = {http://rspl.royalsocietypublishing.org/content/72/477-486/156.short}, 
eprint = {http://rspl.royalsocietypublishing.org/content/72/477-486/156.full.pdf+html}, 
journal = {Proceedings of the Royal Society of London} 
}

@article{Henzie:2011,
	Annote = {10.1038/nmat3178},
	Author = {Henzie, Joel and Gr{\"u}nwald, Michael and Widmer-Cooper, Asaph and Geissler, Phillip L. and Yang, Peidong},
	Date = {2011/11/20/online},
	Date-Added = {2011-11-30 14:03:01 -0500},
	Date-Modified = {2011-11-30 14:03:01 -0500},
	Day = {20},
	Isbn = {1476-4660},
	Journal = {Nature Materials},
	L3 = {http://www.nature.com/nmat/journal/vaop/ncurrent/abs/nmat3178.html#supplementary-information},
	M3 = {10.1038/nmat3178},
	Month = {11},
	Pages = {--},
	Publisher = {Nature Publishing Group},
	Title = {Self-assembly of uniform polyhedral silver nanocrystals into densest packings and exotic superlattices},
	Ty = {JOUR},
	Url = {http://dx.doi.org/10.1038/nmat3178},
	Volume = {advance online publication},
	Year = {2011},
	Bdsk-Url-1 = {http://dx.doi.org/10.1038/nmat3178}}
	
	
@article{Sheu:1990,
	author = {Sheu, H. R. and El-Aasser, M. S. and Vanderhoff, J. W.},
	title = {Phase separation in polystyrene latex interpenetrating polymer networks},
	journal = {Journal of Polymer Science Part A: Polymer Chemistry},
	volume = {28},
	number = {3},
	publisher = {John Wiley & Sons, Inc.},
	issn = {1099-0518},
	url = {http://dx.doi.org/10.1002/pola.1990.080280314},
	doi = {10.1002/pola.1990.080280314},
	pages = {629--651},
	year = {1990}}